%% This BibTeX bibliography file was created using BibDesk.
%% http://bibdesk.sourceforge.net/


%% Created for Ali Horowitz at 2014-01-15 10:27:15 -0800 


%% Saved with string encoding Unicode (UTF-8) 



@article{brooks2013,
	Author = {Brooks, Neon and Audet, Jennifer and Barner, David},
	Date-Added = {2014-01-15 18:26:07 +0000},
	Date-Modified = {2014-01-15 18:26:33 +0000},
	Journal = {Developmental Psychology},
	Number = {6},
	Pages = {1066},
	Publisher = {American Psychological Association},
	Title = {Pragmatic inference, not semantic competence, guides 3-year-olds' interpretation of unknown number words.},
	Volume = {49},
	Year = {2013}}

@article{barner2010,
	Author = {Barner, David and Bachrach, Asaf},
	Date-Added = {2014-01-15 18:25:43 +0000},
	Date-Modified = {2014-01-15 18:26:17 +0000},
	Journal = {Cognitive Psychology},
	Number = {1},
	Pages = {40--62},
	Publisher = {Elsevier},
	Title = {Inference and exact numerical representation in early language development},
	Volume = {60},
	Year = {2010}}

@article{noveck2000,
	Author = {Noveck, Ira A},
	Date-Added = {2014-01-15 07:00:51 +0000},
	Date-Modified = {2014-01-15 07:01:03 +0000},
	Journal = {Cognition},
	Number = {2},
	Pages = {165--188},
	Publisher = {Elsevier},
	Title = {When children are more logical than adults: Experimental investigations of scalar implicature},
	Volume = {78},
	Year = {2000}}

@article{papafragou2003,
	Author = {Papafragou, Anna and Musolino, Julien},
	Date-Added = {2014-01-15 06:46:11 +0000},
	Date-Modified = {2014-01-15 06:48:28 +0000},
	Journal = {Cognition},
	Number = {3},
	Pages = {253--282},
	Publisher = {Elsevier},
	Title = {Scalar implicatures: experiments at the semantics--pragmatics interface},
	Volume = {86},
	Year = {2003}}

@article{gathercole1989,
	Author = {Gathercole, Susan E and Baddeley, Alan D},
	Date-Added = {2014-01-15 06:10:04 +0000},
	Date-Modified = {2014-01-15 06:11:52 +0000},
	Journal = {Journal of Memory and Language},
	Number = {2},
	Pages = {200--213},
	Publisher = {Elsevier},
	Title = {Evaluation of the role of phonological STM in the development of vocabulary in children: A longitudinal study},
	Volume = {28},
	Year = {1989}}

@article{clark1990,
	Author = {Clark, Eve V},
	Date-Added = {2014-01-15 06:09:36 +0000},
	Date-Modified = {2014-01-15 06:11:06 +0000},
	Journal = {Journal of Child Language},
	Number = {02},
	Pages = {417--431},
	Publisher = {Cambridge Univ Press},
	Title = {On the pragmatics of contrast},
	Volume = {17},
	Year = {1990}}

@article{diesendruck2001,
	Author = {Diesendruck, Gil and Markson, Lori},
	Date-Added = {2014-01-15 06:08:52 +0000},
	Date-Modified = {2014-01-15 06:11:23 +0000},
	Journal = {Developmental Psychology},
	Number = {5},
	Pages = {630},
	Publisher = {American Psychological Association},
	Title = {Children's avoidance of lexical overlap: a pragmatic account.},
	Volume = {37},
	Year = {2001}}

@article{diesendruck2005,
	Author = {Diesendruck, Gil},
	Date-Added = {2014-01-15 06:08:34 +0000},
	Date-Modified = {2014-01-15 06:11:36 +0000},
	Journal = {Developmental Psychology},
	Number = {3},
	Pages = {451},
	Publisher = {American Psychological Association},
	Title = {The principles of conventionality and contrast in word learning: an empirical examination.},
	Volume = {41},
	Year = {2005}}

@inproceedings{horowitz2012,
	Author = {Horowitz, Alexandra and Frank, Michael C},
	Booktitle = {Proceedings of the 34th Annual Conference of the Cognitive Science Society},
	Date-Added = {2014-01-08 13:46:01 -0800},
	Date-Modified = {2014-01-08 13:46:10 -0800},
	Title = {Learning from speaker word choice by assuming adjectives are informative},
	Year = {2012}}

@article{deutsch1982,
	Author = {Deutsch, W. and Pechmann, T.},
	Date-Added = {2012-04-27 01:06:58 -0700},
	Date-Modified = {2012-04-27 01:07:14 -0700},
	Journal = {Cognition},
	Number = {2},
	Pages = {159--184},
	Publisher = {Elsevier},
	Title = {Social interaction and the development of definite descriptions},
	Volume = {11},
	Year = {1982}}

@article{ito2008,
	Author = {Ito, K. and Speer, S.R.},
	Date-Added = {2012-04-25 23:08:30 -0700},
	Date-Modified = {2012-04-25 23:09:46 -0700},
	Journal = {Journal of Memory and Language},
	Number = {2},
	Pages = {541--573},
	Publisher = {Elsevier},
	Title = {Anticipatory effects of intonation: Eye movements during instructed visual search},
	Volume = {58},
	Year = {2008}}

@article{krahmer2001,
	Author = {Krahmer, E. and Swerts, M.},
	Date-Added = {2012-04-25 22:54:07 -0700},
	Date-Modified = {2012-04-25 22:54:32 -0700},
	Journal = {Speech Communication},
	Number = {4},
	Pages = {391--405},
	Publisher = {Elsevier},
	Title = {On the alleged existence of contrastive accents},
	Volume = {34},
	Year = {2001}}

@article{matthews2012,
	Author = {Matthews, D. and Butcher, J. and Lieven, E. and Tomasello, M.},
	Date-Added = {2012-04-25 22:31:08 -0700},
	Date-Modified = {2012-04-25 22:31:27 -0700},
	Journal = {Topics in Cognitive Science},
	Publisher = {Wiley Online Library},
	Title = {Two-and Four-Year-Olds Learn to Adapt Referring Expressions to Context: Effects of Distracters and Feedback on Referential Communication},
	Year = {2012}}

@article{arts2011,
	Author = {Arts, A. and Maes, A. and Noordman, L. and Jansen, C.},
	Date-Added = {2012-04-25 22:12:40 -0700},
	Date-Modified = {2012-04-25 22:12:53 -0700},
	Journal = {Journal of Pragmatics},
	Number = {1},
	Pages = {361--374},
	Publisher = {Elsevier},
	Title = {Overspecification facilitates object identification},
	Volume = {43},
	Year = {2011}}

@article{pechmann2009,
	Author = {Pechmann, T.},
	Date-Added = {2012-04-25 21:47:49 -0700},
	Date-Modified = {2012-04-25 21:48:08 -0700},
	Journal = {Linguistics},
	Number = {1},
	Pages = {89--110},
	Title = {Incremental speech production and referential overspecification},
	Volume = {27},
	Year = {2009}}

@article{engelhardt2006,
	Author = {Engelhardt, P.E. and Bailey, K.G.D. and Ferreira, F.},
	Date-Added = {2012-04-25 21:24:50 -0700},
	Date-Modified = {2012-04-25 21:25:01 -0700},
	Journal = {Journal of Memory and Language},
	Number = {4},
	Pages = {554--573},
	Publisher = {Elsevier},
	Title = {Do speakers and listeners observe the Gricean Maxim of Quantity?},
	Volume = {54},
	Year = {2006}}

@article{grice1975,
	Author = {Grice, H.P.},
	Date-Added = {2012-04-25 20:57:04 -0700},
	Date-Modified = {2012-04-25 20:57:22 -0700},
	Journal = {1975},
	Pages = {41--58},
	Title = {Logic and conversation},
	Year = {1975}}

@inproceedings{frank2009,
	Author = {Frank, M.C. and Goodman, N.D. and Lai, P. and Tenenbaum, J.B.},
	Booktitle = {Proceedings of the 31st annual conference of the cognitive science society},
	Date-Added = {2012-04-25 11:18:49 -0700},
	Date-Modified = {2012-04-25 11:19:02 -0700},
	Pages = {206--211},
	Title = {Informative communication in word production and word learning},
	Year = {2009}}

@article{demuth2006,
	Author = {Demuth, K. and Culbertson, J. and Alter, J.},
	Date-Added = {2012-01-31 21:22:32 +0000},
	Date-Modified = {2012-01-31 21:22:35 +0000},
	Journal = {Language and Speech},
	Number = {2},
	Pages = {137--173},
	Publisher = {SAGE Publications},
	Title = {Word-minimality, epenthesis and coda licensing in the early acquisition of English},
	Volume = {49},
	Year = {2006}}

@article{sandhofer2001,
	Author = {Sandhofer, C.M. and Smith, L.B.},
	Date-Added = {2012-01-25 00:45:42 -0800},
	Date-Modified = {2012-01-25 00:45:51 -0800},
	Journal = {Journal of Experimental Psychology: General},
	Number = {4},
	Pages = {600},
	Publisher = {American Psychological Association},
	Title = {Why children learn color and size words so differently: Evidence from adults' learning of artificial terms.},
	Volume = {130},
	Year = {2001}}

@inproceedings{nadig2003development,
	Author = {Nadig, A. and Sedivy, J. and Joshi, A. and Bortfeld, H.},
	Booktitle = {Proceedings of the 27 th Annual Boston University Conference on Language Development},
	Date-Added = {2012-01-16 23:29:14 -0800},
	Date-Modified = {2012-01-16 23:29:14 -0800},
	Pages = {568--79},
	Title = {The development of discourse constraints on the interpretation of adjectives},
	Year = {2003}}

@book{clark1996,
	Author = {Clark, H.},
	Date-Added = {2012-01-16 20:48:47 -0800},
	Date-Modified = {2012-01-31 20:03:12 +0000},
	Publisher = {Cambridge University Press Cambridge},
	Title = {Using language},
	Volume = {4},
	Year = {1996}}

@article{markman1988,
	Author = {Markman, E.M. and Wachtel, G.F.},
	Date-Added = {2012-01-16 20:24:16 -0800},
	Date-Modified = {2012-01-16 20:24:24 -0800},
	Journal = {Cognitive psychology},
	Number = {2},
	Pages = {121--157},
	Publisher = {Elsevier},
	Title = {Children's use of mutual exclusivity to constrain the meanings of words},
	Volume = {20},
	Year = {1988}}

@article{sedivy2003,
	Author = {Sedivy, J. C.},
	Date-Added = {2012-01-16 20:07:09 -0800},
	Date-Modified = {2012-01-31 20:02:24 +0000},
	Journal = {Journal of Psycholinguistic Research},
	Number = {1},
	Pages = {3--23},
	Publisher = {Springer},
	Title = {Pragmatic versus form-based accounts of referential contrast: Evidence for effects of informativity expectations},
	Volume = {32},
	Year = {2003}}

@article{grodner2005,
	Author = {Grodner, D. and Sedivy, J. C.},
	Date-Added = {2012-01-16 20:06:38 -0800},
	Date-Modified = {2012-01-31 20:02:34 +0000},
	Journal = {The processing and acquisition of reference. MIT Press: Cambridge, MA},
	Title = {The effect of speaker-specific information on pragmatic inferences},
	Year = {2005}}

@article{sedivy1999,
	Author = {Sedivy, J. C. and Tanenhaus, M. and Chambers, C. G. and Carlson, G. N.},
	Date-Added = {2012-01-16 20:03:11 -0800},
	Date-Modified = {2012-01-31 20:02:54 +0000},
	Journal = {Cognition},
	Number = {2},
	Pages = {109--147},
	Publisher = {Elsevier},
	Title = {Achieving incremental semantic interpretation through contextual representation},
	Volume = {71},
	Year = {1999}}

@article{clark1987,
	Author = {Clark, E.},
	Date-Added = {2012-01-16 19:48:29 -0800},
	Date-Modified = {2012-01-31 20:03:15 +0000},
	Journal = {Mechanisms of language acquisition},
	Pages = {33},
	Title = {The principle of contrast: A constraint on language acquisition},
	Volume = {1},
	Year = {1987}}

@article{barner2011,
	Author = {Barner, D. and Brooks, N. and Bale, A.},
	Date-Added = {2012-01-16 19:41:34 -0800},
	Date-Modified = {2012-01-16 19:41:42 -0800},
	Journal = {Cognition},
	Number = {1},
	Pages = {84--93},
	Publisher = {Elsevier},
	Title = {Accessing the unsaid: The role of scalar alternatives in children's pragmatic inference},
	Volume = {118},
	Year = {2011}}

@article{fernald2010,
	Author = {Fernald, A. and Thorpe, K. and Marchman, V.A.},
	Date-Added = {2012-01-16 19:40:18 -0800},
	Date-Modified = {2012-01-16 19:40:27 -0800},
	Journal = {Cognitive psychology},
	Number = {3},
	Pages = {190--217},
	Publisher = {Elsevier},
	Title = {Blue car, red car: Developing efficiency in online interpretation of adjective-noun phrases},
	Volume = {60},
	Year = {2010}}

@article{nadig2002,
	Author = {Nadig, A.S. and Sedivy, J. C.},
	Date-Added = {2011-12-12 22:58:37 +0000},
	Date-Modified = {2012-01-31 20:02:27 +0000},
	Journal = {Psychological Science},
	Number = {4},
	Pages = {329},
	Publisher = {SAGE Publications},
	Title = {Evidence of perspective-taking constraints in children's on-line reference resolution},
	Volume = {13},
	Year = {2002}}
